
@manual{inmetro2003,
	Author = {INMETRO},
	Title = {Vocabulário internacional de termos fundamentais e gerais de
	metrologia},
	Year = {2013},
	Address = {Rio de Janeiro, Brasil},
	Pages = {75},
	isbn = {85-87090-90-9},
}

@inproceedings{soviero1997,
	Author = {P. A. O. Soviero and L. G. M. Lavagna},
	Title = {A Numerical Model for Thin Airfoils in Unsteady Motion},
	Year = {1997},
	Pages = {332-340},
	Volume = {19},
	Number = {3},
	Booktitle = {Journal of the Brazilian Societyt Mechanical Sciences},	
}

@online{ROBOQUENCHER,
  Author = {AUTOMATIC PRODUCTS international, ltd.},
  Title = {OPERATING SYSTEM},
  Year = {2011},
  Url = {http://http://www.monstervending.com/manualspdf/ap/511_Robo_Quencher_manual.pdf},
  Urldate = {2017-03-27}
}

@inproceedings{sparrow1980,
	Author = {E. M. Sparrow},
	Title = {Forced Convection Heat Transfer in a Duct Having Spanwise-Periodic
	Rectangular Protuberances},
	Year = {1980},
	Pages = {149-167},
	Volume = {3},
	Booktitle = {Numerical Heat Transfer},
}

@article{clark1986,
	Author = {J. A. Clark},
	Title = {Private Communication},
	Year = {1986},
	Address = {University of Michigan},
}

@article{arruda2007,
	Author = {M. B. B. Arruda},
	Title = {Como fazer referências: bibliográficas, eletrônicas e demais
	formas de documentos},
	Year = {2007},
	Url = {http://bu.ufsc.br/framerefer.html}
}

@article{coimbra1978,
	Author = {A. L. Coimbra},
	Title = {Lessons of Continuum Mechanics},
	Year = {1978},
	Address = {São Paulo, Brazil},
	Pages = {428},
	Editor = {Edgard Blücher},
}

@inproceedings{bordalo1989,
	Author = {S. N. Bordalo and J. H. Ferziger and S. J. Kline},
	Title = {The Development of Zonal Models for Turbulence},
	Year = {1989},
	Pages = {41-44},
	Booktitle = {Proceedings of the 10th Brazilian Congress of Mechanical
	Engineering}, 
	Volume = {1},	
}

@manual{NBR14724:2011,
	Address = {Rio de Janeiro},
	Date-Added = {2012-12-15 20:34:08 +0000},
	Date-Modified = {2012-12-15 20:35:25 +0000},
	Month = mar,
	Org-Short = {ABNT},
	Organization = {Associa{\c c}\~ao Brasileira de Normas T\'ecnicas},
	Pages = 15,
	Subtitle = {Informa{\c c}\~ao e documenta{\c c}\~ao --- trabalhos acad\^emicos --- apresenta{\c c}\~ao},
	Title = {{NBR} 14724},
	Year = 2011
}

@manual{NBR6034:2000,
	Address = {Rio de Janeiro},
	Org-Short = {ABNT},
	Organization = {Associa{\c c}\~ao Brasileira de Normas T\'ecnicas},
	Subtitle = {Informa{\c c}\~ao e documenta{\c c}\~ao --- Referências},
	Title = {{NBR} 14724},
	Year = 2000
}

@article{da2005metodologia,
  title={Metodologia da pesquisa e elabora{\c{c}}{\~a}o de disserta{\c{c}}{\~a}o},
  author={Da Silva, Edna L{\'u}cia and Menezes, Estera Muszkat},
  journal={UFSC, Florian{\'o}polis, 4a. edi{\c{c}}{\~a}o},
  volume={123},
  year={2005}
}

@book{pressman2009engenharia,
  title={Engenharia de software},
  author={Pressman, R. S.},
  year={2009},
  publisher={AMGH Editora}
}

@book{the_scrum_guide,
  title={The Scrum Guide},
  author={Ken Schwaber and Jeff Sutherland},
  year={2016},
  publisher={Scrum.Org}
}

@article{de2011,
  title={Industrial circuits Application Note, Stepper Motor Basics},
  author={de Solarbotics, Magalhães},
  year={2011}
}

@book{sommerville2003engenharia,
  title={Engenharia de software},
  author={Sommerville, I. and Melnikoff, S. Shin S. and Arakaki, R. and de Andrade B., E.},
  volume={6},
  year={2003},
  publisher={Addison Wesley S{\~a}o Paulo}
}

@book{schwaber2002agile,
  title={Agile software development with Scrum},
  author={Schwaber, Ken and Beedle, Mike},
  volume={1},
  year={2002},
  publisher={Prentice Hall Upper Saddle River}
}

@book{cohn2004user,
  title={User Stories Applied for Agile Software Development},
  author={Cohn, Mike},
  volume={1},
  year={2004},
  publisher={Addison-Wesley}
}

@article{breitman,
  title={Managing User Stories},
  author={Breitman, Karin K. and Leite, Julio Cesar Sampaio do Prado},
}

@online{cohn2004advantages,
  author = {Cohn, Mike},
  title = {Advantages of User Stories for Requirements},
  year = {2004},
  url = {http://www.mountaingoatsoftware.com/articles/advantages-of-user-stories-for-requirements},
  urldate = {2017-03-27}
}

@online{IBIA,
  author = {DEPEC},
  title = {INDÚSTRIA DE ALIMENTOS},
  year = {2017},
  url = {https://www.economiaemdia.com.br/EconomiaEmDia/pdf/infset_industria_de_alimentos.pdf},
  urldate = {2017-03-27}
}

@online{ONU,
  author = {ONU},
  title = {ONU. Department of economic and social affairs, population division. world population
prospects: The 2015 revision, key findings and advance tables.},
  year = {2015},
  url = {
  },
  urldate = {2017-03-20}
}

@online{MARQUES,
  author = {José Roberto Marques},
  title = {Diferenças entre os 5 tipos de vendas},
  year = {2015},
  url = {http://www.jrmcoaching.com.br/blog/conheca-a-diferenca-entre-5-tipos-de-vendas/
  },
  urldate = {2017-03-16}
}

@book{ieee2004swebok,
  title={Guide to the Software Engineering Body of Knowledge},
  author={IEEE},
  volume={1},
  year={2004},
  publisher={IEEE}
}

@article{likert1932technique,
  title={A technique for the measurement of attitudes.},
  author={Likert, Rensis},
  journal={Archives of psychology},
  year={1932}
}

@book{PMBK,
  title={Project management book of knowledge (pmbok guide)},
  author={PMI},
   year={2012},
  publisher={Project Management Institute (PMI)}
}

@article{campos2010refrigeraccao,
  title={Refrigera{\c{C}}{\~A}o utilizando pastilhas de efeito peltier},
  author={Campos, Antonio Luiz PS and Farias, A{\'e}cio Vin{\'\i}cius Amorim and Fernandes, Jainne Daniele FS and de Freitas Braz, Alailson and Machado, Ludmila Sayonara SX and de Souza Pimentel, Edfranklin},
  journal={HOLOS},
  volume={2},
  pages={25--31},
  year={2010}
}


@article{mq2,
  title={TDA8571J 4 x 40 W BTL quad car radio power amplifier Datasheet},
  author={PHILIPS},
  url = {http://pdf.datasheetcatalog.com/datasheet/philips/TDA8571J_2.pdf
  },
  urldate = {2017-03-24}
}

@article{mq1,
  title={NEO-6 u-blox 6 GPS Modules Datasheet},
  author={U-BLOX},
  url = {http://www.usinainfo.com.br/index.php?controller=attachment&id_attachment=97
  },
  urldate = {2017-03-24}
}




@article{mq3,
  title={Medindo temperatura com o sensor HC-SR04},
  author={FilippeFlop},
  url = {http://www.filipeflop.com/pd-6b8a2-sensor-de-distancia-ultrassonico-hc-sr04.html
  },
  urldate = {2017-03-24}
}

@article{teixeiraconcepccao,
  title={CONCEP{\c{C}}{\~A}O DE UM MINI-REFRIGERADOR PELTIER PARA USO COMO FERRAMENTA NO ENSINO DE ENGENHARIA},
  author={Teixeira, Carlos A and Leal, Andr{\'e} B and Zanicoski, Bruna P da S}
}



@article{meggiolaro2006tutorial,
 title={Tutorial em Rob{\^o}s de Combate},
 author={Meggiolaro, Marco Antonio},
 journal={Equipe RioBotz, UFRJ},
 year={2006}
}

@article{de2005estudo,
 title={Estudo do mecanismo da carga pulsada em eletrodos planos de PB e em eletrodos porosos de baterias de chumbo {\'a}cido},
 author={de Andrade, Juliano},
 year={2005}
}
